@article{bramson2017,
  title={Understanding polarization: Meanings, measures, and model evaluation},
  author={Aaron Bramson and Patrick Grim and Daniel J Singer and William J Berger and  Graham Sack and Steven Fisher and Carissa Flocken and Bennett Holman},
  journal={Philosophy of Science},
  volume={84},
  number={1},
  pages={115--159},
  year={2017},
  publisher={University of Chicago Press Chicago, IL}
}

@book{russian,
  title={Assessing Russian Activities and Intentions in Recent Us Elections},
  author={NIC},
  isbn={9781542630030},
  series={Intelligence community assessment},
  url={https://books.google.com/books?id=cFYzMQAACAAJ},
  year={2017},
}

@article{confbias,
    author = {Michela Del Vicario and Antonio Scala and Guido Caldarelli and H Stanley and  Walter Quattrociocchi},
    year = {2016},
    month = {06},
    pages = {},
    title = {Modeling Confirmation Bias and Polarization},
    volume = {7},
    journal = {Scientific Reports},
    doi = {10.1038/srep40391}
}

@article{oconnor2017,
  author    = {Cailin O'Connor and
               James Owen Weatherall},
  title     = {Scientific Polarization},
  journal   = {CoRR},
  volume    = {abs/1712.04561},
  year      = {2017},
  url       = {http://arxiv.org/abs/1712.04561},
  archivePrefix = {arXiv},
  eprint    = {1712.04561},
  timestamp = {Mon, 13 Aug 2018 16:49:08 +0200},
  biburl    = {https://dblp.org/rec/bib/journals/corr/abs-1712-04561},
  bibsource = {dblp computer science bibliography, https://dblp.org}
}

@article{yardi_twitter,
    author = {Sarita Yardi and Danah Boyd},
    title ={Dynamic Debates: An Analysis of Group Polarization Over Time on Twitter},
    journal = {Bulletin of Science, Technology \& Society},
    volume = {30},
    number = {5},
    pages = {316-327},
    year = {2010},
    doi = {10.1177/0270467610380011},
    URL = {https://doi.org/10.1177/0270467610380011},
    eprint = {https://doi.org/10.1177/0270467610380011},
}

@article{party_loathing,
 ISSN = {00925853, 15405907},
 URL = {http://www.jstor.org/stable/24583091},
 author = {Shanto Iyengar and Sean J. Westwood},
 journal = {American Journal of Political Science},
 number = {3},
 pages = {690--707},
 publisher = {[Midwest Political Science Association, Wiley]},
 title = {Fear and Loathing across Party Lines: New Evidence on Group Polarization},
 volume = {59},
 year = {2015}
}

@article{scalefree,
    author={Holme, Petter},
    year={2019},
    month={March},
    title={Rare and everywhere: Perspectives on scale-free networks},
    journal={Nature Communications},
    volume={10},
    URL={https://doi.org/10.1038/s41467-019-09038-8},
    doi={10.1038/s41467-019-09038-8}
}

@article {PNASmisinfo,
	author = {Del Vicario, Michela and Bessi, Alessandro and Zollo, Fabiana and Petroni, Fabio and Scala, Antonio and Caldarelli, Guido and Stanley, H. Eugene and Quattrociocchi, Walter},
	year = {2016},
	pages = {554--559},
	title = {The spreading of misinformation online},
	volume = {113},
	number = {3},
	jouranl = {Proceedings of the National Academy of Sciences},
	doi = {10.1073/pnas.1517441113},
}

@article{facebook_echo,
    author = {Del Vicario, Michela and Vivaldo, Gianna and Bessi, Alessandro and Zollo, Fabiana and Scala, Antonio and Caldarelli, Guido and Quattrociocchi, Walter},
    year = {2016},
    month = {06},
    pages = {},
    title = {Echo Chambers: Emotional Contagion and Group Polarization on Facebook},
    volume = {6},
    journal = {Scientific Reports},
    doi = {10.1038/srep37825}
}

@article{partisan_science,
    author = {Shi, Feng and Shi, Yongren and Dokshin, Fedor and A. Evans, James and W. Macy, Michael},
    year = {2017},
    month = {04},
    pages = {0079},
    title = {Millions of online book co-purchases reveal partisan differences in the consumption of science},
    volume = {1},
    journal = {Nature Human Behaviour},
    doi = {10.1038/s41562-017-0079}
}
@article{polarized_society,
    author = {Fiorina, Morris P. and Abrams, Samuel J.},
    title = {Political Polarization in the American Public},
    journal = {Annual Review of Political Science},
    volume = {11},
    number = {1},
    pages = {563-588},
    year = {2008},
    doi = {10.1146/annurev.polisci.11.053106.153836},
}

@article{misinformation_spread,
    author = {Del Vicario, Michela and Bessi, Alessandro and Zollo, Fabiana and Petroni, Fabio and Scala, Antonio and Caldarelli, Guido and Stanley, H and Quattrociocchi, Walter},
    year = {2016},
    month = {01},
    pages = {},
    title = {The Spreading of Misinformation Online},
    volume = {113},
    journal = {Proceedings of the National Academy of Sciences},
    doi = {10.1073/pnas.1517441113}
}

@inproceedings{hoax_spread,
  title={Fact-checking Effect on Viral Hoaxes: A Model of Misinformation Spread in Social Networks},
  author={Marcella Tambuscio and Giancarlo Ruffo and Alessandro Flammini and Filippo Menczer},
  journal={WWW},
  year={2015}
}